@inproceedings{jay2020,
  title={The Complete Playing Card Dataset},
  author={Jay, Pradip Shah},
  year={2020},
  organization={Kaggle},
  url={https://www.kaggle.com/datasets/jaypradipshah/the-complete-playing-card-dataset}
}
